% This file was created with JabRef 2.5.
% Encoding: Cp1252

@misc{cisco1,
title = {Cisco Visual Networking Index: Forecast and Methodology, 2010-2015},
author = {Cisco},
Howpublished = {http://www.cisco.com/en/US/solutions/collateral/ns341/ns525
/ns537/ns705/ns827/white\_paper\_c11-481360.pdf},
}

@misc{youtube1,
title = {press statistics},
author = {Youtube},
Howpublished = {http://www.youtube.com/t/press\_statistics}
}

@misc{ec1,
title = {Fundamental Limitations of Current Internet 
and the path to Future Internet},
author = {EC FIArch Group},
Howpublished = {http://ec.europa.eu/information\_society/activities/foi/docs/
current\_internet\_limitations\_v9.pdf}
}

@misc{Dey_Abowd,
title = "Towards a better understanding of context and context-awareness",
author = "Dey A.K. \& Abowd G.D ",
year = "1999",
Howpublished = "ftp://ftp.cc.gatech.edu/pub/gvu/tr/1999/99-22.pdf"
}

@misc{Schilit_Theimer,
title = "Disseminating Active Map Information to Mobile Hosts",
author = "Dey A.K. \& Abowd G.D ",
year = "1999",
Howpublished = "ftp://ftp.cc.gatech.edu/pub/gvu/tr/1999/99-22.pdf"
}

@article{ieee313011, 
author={Schilit, B.N. and Theimer, M.M.}, 
journal={Network, IEEE}, title={Disseminating active map information to mobile hosts}, 
year={1994}, 
month={sept.-oct. }, 
volume={8}, 
number={5}, 
pages={22 -32}, 
doi={10.1109/65.313011}, 
ISSN={0890-8044},}

@ARTICLE{ieee626984, 
author={Brown, P.J. and Bovey, J.D. and Xian Chen}, 
journal={Personal Communications, IEEE}, title={Context-aware applications: from the laboratory to the marketplace }, 
year={1997}, 
month={oct}, 
volume={4}, 
number={5}, 
pages={58 -64}, 
doi={10.1109/98.626984}, 
ISSN={1070-9916},}

@inproceedings{Ryan97,
  added-at = {2007-08-19T23:45:11.000+0200},
  author = {Ryan, N. and Pascoe, J. and Morse, D.},
  biburl = {http://www.bibsonomy.org/bibtex/2266bc8e0ae5db3b0e14ab26a9d9604e4/aschmidt},
  booktitle = {Computer Applications and Quantitative Methods in Archaeology (CAA
	97), Oxford},
  editor = {Gaffney, V. and van Leusen, M. and Exxon, S.},
  interhash = {cfbbe9aa62d7acb49ed34505591d690d},
  intrahash = {266bc8e0ae5db3b0e14ab26a9d9604e4},
  keywords = {context},
  timestamp = {2007-08-19T23:45:11.000+0200},
  title = {Enhanced reality fieldwork: the context-aware archaeological assistant.},
  url = {http://www.cs.ukc.ac.uk/research/infosys/mobicomp/Fieldwork/Papers/CAA97/ERFldwk.html},
  year = 1997
}

@inproceedings{Dey98,
  added-at = {2007-08-19T23:45:11.000+0200},
  address = {Palo Alto},
  author = {Dey, Anind K.},
  biburl = {http://www.bibsonomy.org/bibtex/275648cd109aa14d89078bc4a6bda3fec/aschmidt},
  booktitle = {AAAI 1998 Spring Symposium on Intelligent Environments},
  interhash = {a2819a96b993c0c7c60aa1c3371866a7},
  intrahash = {75648cd109aa14d89078bc4a6bda3fec},
  keywords = {system:unfiled},
  pages = {51-54},
  publisher = {AAAI Press.},
  timestamp = {2007-08-19T23:45:11.000+0200},
  title = {Context-aware computing: The CyberDesk project},
  url = {http://www.cc.gatech.edu/fce/cyberdesk/pubs/AAAI98/AAAI98.html},
  year = 1998
}

@inproceedings{Dey2000b,
  added-at = {2012-01-19T16:00:44.000+0100},
  address = {The Hague, The Netherlands},
  at = {2007-09-24 13:17:32},
  author = {Dey, Anind K. and Abowd, Gregory D.},
  biburl = {http://www.bibsonomy.org/bibtex/28fa7121597d58013686163776f9016d0/enitsirhc},
  booktitle = {Workshop on The What, Who, Where, When, and How of Context-Awareness (CHI 2000)},
  id = {1689359},
  interhash = {4bb1b5b9aceb4c72f73c8d533835a8ff},
  intrahash = {8fa7121597d58013686163776f9016d0},
  keywords = {l3s_context_workshop application d22 definition context survey ubiquitous},
  month = {April},
  priority = {2},
  timestamp = {2012-01-19T16:00:44.000+0100},
  title = {Towards a Better Understanding of Context and Context-Awareness},
  url = {http://www.cc.gatech.edu/fce/contexttoolkit/},
  year = 2000
}

@article{WantHFG92,
  added-at = {2011-02-13T17:14:33.000+0100},
  author = {Want, Roy and Hopper, Andy and Falcao, Veronica and Gibbons, Jonathan},
  biburl = {http://www.bibsonomy.org/bibtex/2d13ecafcd52eac8295ec1a82b55aaf49/cscholz},
  description = {dblp},
  ee = {http://doi.acm.org/10.1145/128756.128759},
  interhash = {a87d6690d88d997d94c740de4ee02e86},
  intrahash = {d13ecafcd52eac8295ec1a82b55aaf49},
  journal = {ACM Trans. Inf. Syst.},
  keywords = {infrared localization},
  number = 1,
  pages = {91-102},
  timestamp = {2011-02-13T17:14:33.000+0100},
  title = {The Active Badge Location System.},
  url = {http://dblp.uni-trier.de/db/journals/tois/tois10.html#WantHFG92},
  volume = 10,
  year = 1992
}

@misc{RyanME,
title = "Mobile Computing in a Fieldwork Environment: Metadata Elements",
author = "Ryan, N",
year = "19997",
Howpublished = "Project working document, version 0.2"
}

@INPROCEEDINGS{ieee6040622, 
author={Jie Ding and Ning Li}, 
booktitle={Wireless Communications, Networking and Mobile Computing (WiCOM), 2011 7th International Conference on}, title={A Distributed Adaptation Management Framework in Content Delivery Networks}, 
year={2011}, 
month={sept.}, 
volume={}, 
number={}, 
pages={1 -4}, 
keywords={Content distribution networks;Context;Educational institutions;Mobile communication;Quality of service;Time factors;User interfaces;content management;multimedia communication;multimedia computing;ubiquitous computing;AMF;content access;content access devices;content adaptation;content delivery networks;content production;content provider;distributed adaptation management framework;network operator;network technologies;technology complexity;technology heterogeneity;third-party service provider;ubiquitous service;user preferences;}, 
doi={10.1109/wicom.2011.6040622}, 
ISSN={2161-9646},}

@electronic{W3C,
   title       = {Web Services Architecture}, 
   url         = {http://www.w3.org/TR/ws-arch/},
   biburl      = {http://www.bibsonomy.org/url/6bab3d126b586990ee5dc6affec7f12f/hoever},
   keywords    = {architecture soa webservices},
   added-at    = {2008-07-16T08:06:19.000+0200},
   description = {},
   interhash   = {6bab3d126b586990ee5dc6affec7f12f}, 
   intrahash   = {6bab3d126b586990ee5dc6affec7f12f}
}

@phdthesis{Fielding2000,
  added-at = {2013-01-07T22:35:16.000+0100},
  author = {Fielding, Roy},
  biburl = {http://www.bibsonomy.org/bibtex/29a9a9a4eaa56db5fb2d1d43fc4a90ca5/flrnb},
  interhash = {833ffb7e240120036017a40097125555},
  intrahash = {9a9a9a4eaa56db5fb2d1d43fc4a90ca5},
  keywords = {REST},
  school = {University of California, Irvine},
  timestamp = {2013-01-07T22:35:16.000+0100},
  title = {Architectural Styles and the Design of Network-based Software Architectures},
  year = 2000
}

